<?xml version="1.0" encoding="UTF-8"?><collection xmlns="http://www.loc.gov/MARC21/slim"><record><leader>00485nam--2200181-i-4500</leader><controlfield tag="001">000008942</controlfield><controlfield tag="002">20161230</controlfield><controlfield tag="005">20161230201028</controlfield><controlfield tag="008">060222s1000------------r-----000-0-eng-d</controlfield><datafield ind1=" " ind2=" " tag="040"><subfield code="a">IFIN-HH</subfield></datafield><datafield ind1=" " ind2=" " tag="080"><subfield code="a">53.08</subfield></datafield><datafield ind1="1" ind2=" " tag="100"><subfield code="a">Burr, A.A</subfield></datafield><datafield ind1="1" ind2="0" tag="245"><subfield code="a">Measurements in applied physics</subfield><subfield code="c">A.a. burr, k.j. dean, r.j. trebilcock</subfield></datafield><datafield ind1=" " ind2=" " tag="260"><subfield code="a">London</subfield><subfield code="b">Chapman &amp; Hall Ltd</subfield><subfield code="c">1968</subfield></datafield><datafield ind1=" " ind2=" " tag="300"><subfield code="a">VIII + 228 P</subfield></datafield><datafield ind1="1" ind2=" " tag="700"><subfield code="a">Trebilcock, R.J</subfield></datafield><datafield ind1=" " ind2=" " tag="852"><subfield code="a">31062</subfield><subfield code="c">53.08</subfield></datafield><datafield ind1=" " ind2=" " tag="CAT"><subfield code="a">Sys</subfield><subfield code="c">20151028</subfield><subfield code="h">134945</subfield></datafield></record></collection>